<record><leader>00000cas a22000007a 4500</leader><controlfield tag="001">34735827</controlfield><controlfield tag="008">960515d19001900okuwr n       0    0eng d</controlfield><datafield ind1=" " ind2=" " tag="010"><subfield code="a">sn 96087750 </subfield></datafield><datafield ind1=" " ind2=" " tag="040"><subfield code="a">OBN</subfield><subfield code="b">eng</subfield><subfield code="c">OBN</subfield><subfield code="d">OCLCQ</subfield><subfield code="d">OCLCF</subfield><subfield code="d">OCLCO</subfield></datafield><datafield ind1="1" ind2=" " tag="029"><subfield code="a">AU@</subfield><subfield code="b">000025921770</subfield></datafield><datafield ind1=" " ind2=" " tag="042"><subfield code="a">msc</subfield></datafield><datafield ind1=" " ind2=" " tag="043"><subfield code="a">n-us-ok</subfield></datafield><datafield ind1="0" ind2="4" tag="245"><subfield code="a">The Enid state tribune.</subfield></datafield><datafield ind1=" " ind2=" " tag="260"><subfield code="a">Enid, Garfield County, Okla. :</subfield><subfield code="b">Tribune Pub. Co.</subfield></datafield><datafield ind1=" " ind2=" " tag="300"><subfield code="a">v.</subfield></datafield><datafield ind1=" " ind2=" " tag="310"><subfield code="a">Weekly</subfield></datafield><datafield ind1="0" ind2=" " tag="362"><subfield code="a">-v. 7, no. 51 (Sep. 27, 1900).</subfield></datafield><datafield ind1="1" ind2=" " tag="362"><subfield code="a">Began in May 1900.</subfield></datafield><datafield ind1=" " ind2=" " tag="588"><subfield code="a">Description based on: Vol. 7, no. 32 (May 17, 1900).</subfield></datafield><datafield ind1=" " ind2="0" tag="651"><subfield code="a">Enid (Okla.)</subfield><subfield code="v">Newspapers.</subfield></datafield><datafield ind1=" " ind2="0" tag="651"><subfield code="a">Garfield County (Okla.)</subfield><subfield code="v">Newspapers.</subfield></datafield><datafield ind1=" " ind2="7" tag="655"><subfield code="a">Newspapers.</subfield><subfield code="2">fast</subfield><subfield code="0">(OCoLC)fst01423814</subfield></datafield><datafield ind1=" " ind2="7" tag="651"><subfield code="a">Oklahoma</subfield><subfield code="z">Enid.</subfield><subfield code="2">fast</subfield><subfield code="0">(OCoLC)fst01220626</subfield></datafield><datafield ind1=" " ind2="7" tag="651"><subfield code="a">Oklahoma</subfield><subfield code="z">Garfield County.</subfield><subfield code="2">fast</subfield><subfield code="0">(OCoLC)fst01221561</subfield></datafield><datafield ind1=" " ind2=" " tag="752"><subfield code="a">United States</subfield><subfield code="b">Oklahoma</subfield><subfield code="c">Garfield</subfield><subfield code="d">Enid.</subfield></datafield><datafield ind1="0" ind2="0" tag="780"><subfield code="t">Enid weekly events</subfield><subfield code="w">(DLC)sn 96087749</subfield><subfield code="w">(OCoLC)34735671</subfield></datafield><datafield ind1="0" ind2="0" tag="785"><subfield code="t">Garfield County republican</subfield><subfield code="w">(DLC)sn 96087751</subfield><subfield code="w">(OCoLC)34735880</subfield></datafield></record>